
@article{carmignani_visualization_2002,
	title = {Visualization of the High Level Structure of the Internet with {HERMES}.},
	volume = {6},
	url = {http://www.emis.ams.org/journals/JGAA/accepted/02/Carmignani+02.6.3.pdf},
	number = {3},
	urldate = {2014-11-05},
	journal = {J. Graph Algorithms Appl.},
	author = {Carmignani, Andrea and Di Battista, Giuseppe and Didimo, Walter and Matera, Francesco and Pizzonia, Maurizio},
	year = {2002},
	pages = {281--311},
	file = {Carmignani+02.6.3.pdf:/home/james/.mozilla/firefox/kabfoynl.default/zotero/storage/G4JMS9AC/Carmignani+02.6.3.pdf:application/pdf}
}

@inproceedings{lamping_laying_1994,
	title = {Laying out and visualizing large trees using a hyperbolic space},
	url = {http://dl.acm.org/citation.cfm?id=192430},
	urldate = {2014-11-05},
	booktitle = {Proceedings of the 7th annual {ACM} symposium on User interface software and technology},
	publisher = {{ACM}},
	author = {Lamping, John and Rao, Ramana},
	year = {1994},
	pages = {13--14},
	file = {for-web.pdf:/home/james/.mozilla/firefox/kabfoynl.default/zotero/storage/GMINCKGN/for-web.pdf:application/pdf}
}

@inproceedings{munzner_visualizing_1995,
	title = {Visualizing the structure of the World Wide Web in 3D hyperbolic space},
	url = {http://dl.acm.org/citation.cfm?id=217311},
	urldate = {2014-11-05},
	booktitle = {Proceedings of the first symposium on Virtual reality modeling language},
	publisher = {{ACM}},
	author = {Munzner, Tamara and Burchard, Paul},
	year = {1995},
	pages = {33--38},
	file = {visualizing_the_structure_of_the_world_wide_web_in_d.pdf:/home/james/.mozilla/firefox/kabfoynl.default/zotero/storage/JGC6JKTX/visualizing_the_structure_of_the_world_wide_web_in_d.pdf:application/pdf}
}

@inproceedings{di_battista_computing_2003,
	title = {Computing the types of the relationships between autonomous systems},
	volume = {1},
	url = {http://ieeexplore.ieee.org/xpls/abs_all.jsp?arnumber=1208668},
	urldate = {2014-11-05},
	booktitle = {{INFOCOM} 2003. Twenty-Second Annual Joint Conference of the {IEEE} Computer and Communications. {IEEE} Societies},
	publisher = {{IEEE}},
	author = {Di Battista, Giuseppe and Patrignani, Maurizio and Pizzonia, Maurizio},
	year = {2003},
	pages = {156--165},
	file = {Computing the Types of the Relationships Between Autonomous Systems - 04_04.PDF:/home/james/.mozilla/firefox/kabfoynl.default/zotero/storage/X2B3GKSN/04_04.pdf:application/pdf}
}

@inproceedings{kleinberg_geographic_2007,
	title = {Geographic routing using hyperbolic space},
	url = {http://ieeexplore.ieee.org/xpls/abs_all.jsp?arnumber=4215803},
	urldate = {2014-11-05},
	booktitle = {{INFOCOM} 2007. 26th {IEEE} International Conference on Computer Communications. {IEEE}},
	publisher = {{IEEE}},
	author = {Kleinberg, Robert},
	year = {2007},
	pages = {1902--1909},
	file = {hyperbolic.pdf:/home/james/.mozilla/firefox/kabfoynl.default/zotero/storage/WXNNFKQI/hyperbolic.pdf:application/pdf}
}

@inproceedings{danesh_mapping_2001,
	title = {Mapping the Internet},
	volume = {2},
	url = {http://ieeexplore.ieee.org/xpls/abs_all.jsp?arnumber=944685},
	urldate = {2014-11-06},
	booktitle = {{IFSA} World Congress and 20th {NAFIPS} International Conference, 2001. Joint 9th},
	publisher = {{IEEE}},
	author = {Danesh, Arman and Trajkovic, Ljiljana and Rubin, Stuart H. and Smith, Michael H.},
	year = {2001},
	pages = {687--692},
	file = {nafips2001.PDF - nafips2001.pdf:/home/james/.mozilla/firefox/kabfoynl.default/zotero/storage/2XJ2QGRX/nafips2001.pdf:application/pdf}
}

@inproceedings{cvetkovski_hyperbolic_2009,
	title = {Hyperbolic embedding and routing for dynamic graphs},
	url = {http://ieeexplore.ieee.org/xpls/abs_all.jsp?arnumber=5062083},
	urldate = {2014-11-05},
	booktitle = {{INFOCOM} 2009, {IEEE}},
	publisher = {{IEEE}},
	author = {Cvetkovski, Andrej and Crovella, Mark},
	year = {2009},
	pages = {1647--1655},
	file = {untitled - infocom09-hyperbolic.pdf:/home/james/.mozilla/firefox/kabfoynl.default/zotero/storage/DR6U83VK/infocom09-hyperbolic.pdf:application/pdf}
}

@book{ratcliffe_foundations_2006,
	address = {New York},
	edition = {2nd ed},
	series = {Graduate texts in mathematics},
	title = {Foundations of hyperbolic manifolds},
	isbn = {0387331972},
	number = {149},
	publisher = {Springer},
	author = {Ratcliffe, John G.},
	year = {2006},
	keywords = {Geometry, Hyperbolic, Hyperbolic spaces},
	file = {Foundations of Hyperbolic Manifolds.pdf:/home/james/.mozilla/firefox/kabfoynl.default/zotero/storage/Z7DIFTWU/Foundations of Hyperbolic Manifolds.pdf:application/pdf}
}

@article{calvert_modeling_1997,
	title = {Modeling internet topology},
	volume = {35},
	url = {http://ieeexplore.ieee.org/xpls/abs_all.jsp?arnumber=587723},
	number = {6},
	urldate = {2015-01-22},
	journal = {Communications Magazine, {IEEE}},
	author = {Calvert, Kenneth L. and Doar, Matthew B. and Zegura, Ellen W.},
	year = {1997},
	pages = {160--163},
	file = {00587723.pdf:/home/james/.mozilla/firefox/kabfoynl.default/zotero/storage/QRZEZ9DM/00587723.pdf:application/pdf}
}

@misc{introduction_ripe_api,
	title = {Introduction to the {RIPE} Database {API} — {RIPE} Labs},
	url = {https://labs.ripe.net/ripe-database/database-api/api-introduction},
	urldate = {2015-02-07},
	file = {Introduction to the RIPE Database API — RIPE Labs:/home/james/.mozilla/firefox/kabfoynl.default/zotero/storage/Z6BXSHCS/api-introduction.html:text/html}
}